@article{rado,
  author    = {Shen Lin and
               Tibor Rado},
  title     = {Computer Studies of Turing Machine Problems},
  journal   = {J. ACM},
  volume    = {12},
  number    = {2},
  year      = {1965},
  pages     = {196-212},
  ee        = {http://doi.acm.org/10.1145/321264.321270},
  bibsource = {DBLP, http://dblp.uni-trier.de}
}

@article{turing,
  author    = {Alan Turing},
  title     = {On computable numbers, with an application to the Entscheidungsproblem},
  journal   = {Proceedings of the London Mathematical Society},
  volume    = {42},
  number    = {2},
  year      = {1937},
  pages     = {},
  ee        = {http://www.turingarchive.org/browse.php/B/12},
  bibsource = {}
}