@book{introtoec,
    author = {Eiben, A. E. and Smith, J. E.},
    isbn = {3540401849},
    keywords = {evolutionary-computation, ga-theory, genetic-algorithms},
    month = oct,
    publisher = {Springer},
    title = {{Introduction to Evolutionary Computing}},
    year = {2008}
}

